<?xml version="1.0"?>
<collection xmlns="http://www.loc.gov/MARC21/slim">
  <record>
    <leader>01764cam a2200361 a 4500</leader>
    <controlfield tag="001">cihm_29291</controlfield>
    <controlfield tag="003">CaSfIA</controlfield>
    <controlfield tag="005">20151008010651.0</controlfield>
    <controlfield tag="007">cr||||||||||||</controlfield>
    <controlfield tag="008">840103s1875    stka    b     001 0 eng d</controlfield>
    <datafield tag="020" ind1=" " ind2=" ">
      <subfield code="a">0665292910</subfield>
    </datafield>
    <datafield tag="035" ind1=" " ind2=" ">
      <subfield code="a">ocn317910446</subfield>
    </datafield>
    <datafield tag="040" ind1=" " ind2=" ">
      <subfield code="a">CaOOCIHM</subfield>
      <subfield code="b">eng</subfield>
      <subfield code="d">AEU</subfield>
      <subfield code="d">CaSfIA</subfield>
    </datafield>
    <datafield tag="043" ind1=" " ind2=" ">
      <subfield code="a">n-us---</subfield>
      <subfield code="a">n-cn---</subfield>
    </datafield>
    <datafield tag="082" ind1="0" ind2=" ">
      <subfield code="a">917.04</subfield>
      <subfield code="2">19</subfield>
    </datafield>
    <datafield tag="090" ind1=" " ind2=" ">
      <subfield code="a">FC 02 0203 no. 29291</subfield>
      <subfield code="b">AEU</subfield>
    </datafield>
    <datafield tag="100" ind1="1" ind2=" ">
      <subfield code="a">Clay, John,</subfield>
      <subfield code="d">1851-1934</subfield>
    </datafield>
    <datafield tag="245" ind1="1" ind2="0">
      <subfield code="a">New World notes</subfield>
      <subfield code="h">[electronic resource] </subfield>
      <subfield code="b">being an account of journeyings and sojournings in America and Canada /</subfield>
      <subfield code="c">by John Clay, Jun.</subfield>
    </datafield>
    <datafield tag="260" ind1=" " ind2=" ">
      <subfield code="a">Kelso [Scotland] :</subfield>
      <subfield code="b">J. &amp; J.H. Rutherfurd,</subfield>
      <subfield code="c">1875.</subfield>
    </datafield>
    <datafield tag="300" ind1=" " ind2=" ">
      <subfield code="a">3 microfiches (115 fr.) :</subfield>
      <subfield code="b">ill.</subfield>
    </datafield>
    <datafield tag="490" ind1="1" ind2=" ">
      <subfield code="a">CIHM/ICMH Microfiche series = CIHM/ICMH collection de microfiches ;</subfield>
      <subfield code="v">no. 29291</subfield>
    </datafield>
    <datafield tag="500" ind1=" " ind2=" ">
      <subfield code="a">"The papers forming this volume appeared in print before being collected in their present shape. The first thirteen of the series were published in the North British Agriculture ... and the remainder ... in the columns of the Kelso Chronicle"--Prefatory note.</subfield>
    </datafield>
    <datafield tag="504" ind1=" " ind2=" ">
      <subfield code="a">Includes publisher's index.</subfield>
    </datafield>
    <datafield tag="533" ind1=" " ind2=" ">
      <subfield code="a">Filmed from a copy of the original publication held by the Library of Congress, Photoduplication Service.</subfield>
      <subfield code="b">Ottawa :</subfield>
      <subfield code="c">Canadian Institute for Historical Microreproductions,</subfield>
      <subfield code="d">1982.</subfield>
    </datafield>
    <datafield tag="534" ind1=" " ind2=" ">
      <subfield code="e">200, 4 p., [1] leaf of plates : ill. ; 18 cm.</subfield>
    </datafield>
    <datafield tag="596" ind1=" " ind2=" ">
      <subfield code="a">43</subfield>
    </datafield>
    <datafield tag="651" ind1=" " ind2="0">
      <subfield code="a">United States</subfield>
      <subfield code="x">Description and travel</subfield>
      <subfield code="y">1865-1900.</subfield>
    </datafield>
    <datafield tag="651" ind1=" " ind2="5">
      <subfield code="a">Canada</subfield>
      <subfield code="x">Description and travel</subfield>
      <subfield code="y">1867-1900.</subfield>
    </datafield>
    <datafield tag="651" ind1=" " ind2="6">
      <subfield code="a">&#xC3;&#x89;tats-Unis</subfield>
      <subfield code="x">Descriptions et voyages</subfield>
      <subfield code="y">1865-190</subfield>
    </datafield>
    <!-- No separator at end of field length=53 -->
    <datafield tag="651" ind1="." ind2="">
      <subfield code="6"/>
      <subfield code="a">Canada</subfield>
      <subfield code="x">Descriptions et voyages</subfield>
      <subfield code="y">1867-190</subfield>
    </datafield>
    <!-- No separator at end of field length=48 -->
    <datafield tag="830" ind1="." ind2="">
      <subfield code="0"/>
      <subfield code="a">CIHM/ICMH microfiche series ;</subfield>
      <subfield code="v">no. 292</subfield>
    </datafield>
    <!-- No separator at end of field length=45 -->
    <datafield tag="856" ind1="4" ind2="1">
      <subfield code="u">http://archive.org/details/cihm_29291</subfield>
      <subfield code="z">Free eBook from the Internet Archive</subfield>
    </datafield>
    <datafield tag="856" ind1="4" ind2="2">
      <subfield code="u">http://www.openlibrary.org/books/OL24230445M</subfield>
      <subfield code="z">Additional information and access via Open Library</subfield>
    </datafield>
    <!-- No separator at end of field length=22 -->
    <datafield tag="016" ind1="E" ind2="">
      <subfield code=" "/>
      <subfield code="a"> 8361894</subfield>
    </datafield>
    <!-- No separator at end of field length=15 -->
    <!-- No separator at end of field length=58 -->
  </record>
</collection>
